<record><leader>00000cas a22000007a 4500</leader><controlfield tag="001">1642807</controlfield><controlfield tag="008">750921d19681987mnuwr ne      0    0eng d</controlfield><datafield ind1=" " ind2=" " tag="010"><subfield code="a">sn 91059058 </subfield></datafield><datafield ind1=" " ind2=" " tag="040"><subfield code="a">MUL</subfield><subfield code="b">eng</subfield><subfield code="c">MUL</subfield><subfield code="d">MN#</subfield><subfield code="d">OCLCQ</subfield><subfield code="d">OCLCF</subfield><subfield code="d">OCLCO</subfield></datafield><datafield ind1="1" ind2=" " tag="029"><subfield code="a">AU@</subfield><subfield code="b">000025885765</subfield></datafield><datafield ind1=" " ind2=" " tag="042"><subfield code="a">msc</subfield></datafield><datafield ind1=" " ind2=" " tag="043"><subfield code="a">n-us-mn</subfield></datafield><datafield ind1=" " ind2=" " tag="052"><subfield code="a">4144</subfield><subfield code="b">L15</subfield></datafield><datafield ind1=" " ind2=" " tag="052"><subfield code="a">4143</subfield><subfield code="b">H6</subfield></datafield><datafield ind1="0" ind2=" " tag="130"><subfield code="a">Houston County news (La Crescent, Minn.)</subfield></datafield><datafield ind1="0" ind2="0" tag="245"><subfield code="a">Houston County news.</subfield></datafield><datafield ind1=" " ind2=" " tag="250"><subfield code="a">La Crescent ed.</subfield></datafield><datafield ind1=" " ind2=" " tag="260"><subfield code="a">La Crescent, Minn. :</subfield><subfield code="b">John W. Dunham,</subfield><subfield code="c">1968-1987.</subfield></datafield><datafield ind1=" " ind2=" " tag="300"><subfield code="a">19 v.</subfield></datafield><datafield ind1=" " ind2=" " tag="310"><subfield code="a">Weekly</subfield></datafield><datafield ind1="0" ind2=" " tag="362"><subfield code="a">Vol. 87, no. 26 (Oct. 17, 1968)-v. 105, no. 24 (June 11, 1987).</subfield></datafield><datafield ind1=" " ind2=" " tag="500"><subfield code="a">Published as: La Crescent ed., Oct. 17, 1968-May 30, 1974; as: La Crescent "Apple" ed., June 6, 1974-June 11, 1987.</subfield></datafield><datafield ind1=" " ind2=" " tag="530"><subfield code="a">Available on microfilm from the Minnesota Historical Society.</subfield></datafield><datafield ind1=" " ind2="0" tag="651"><subfield code="a">La Crescent (Minn.)</subfield><subfield code="v">Newspapers.</subfield></datafield><datafield ind1=" " ind2="7" tag="655"><subfield code="a">Newspapers.</subfield><subfield code="2">fast</subfield><subfield code="0">(OCoLC)fst01423814</subfield></datafield><datafield ind1=" " ind2="7" tag="651"><subfield code="a">Minnesota</subfield><subfield code="z">La Crescent.</subfield><subfield code="2">fast</subfield><subfield code="0">(OCoLC)fst01213260</subfield></datafield><datafield ind1=" " ind2=" " tag="752"><subfield code="a">United States</subfield><subfield code="b">Minnesota</subfield><subfield code="c">Houston</subfield><subfield code="d">La Crescent.</subfield></datafield><datafield ind1="0" ind2=" " tag="775"><subfield code="t">Houston County news (Houston, Minn.)</subfield><subfield code="w">(DLC)sn 91059054</subfield></datafield><datafield ind1="0" ind2="1" tag="780"><subfield code="t">Houston Signal</subfield><subfield code="w">(DLC)sn 91059053</subfield></datafield><datafield ind1="0" ind2="7" tag="785"><subfield code="t">Houston County news (Houston, Minn.)</subfield><subfield code="w">(DLC)sn 91059054</subfield></datafield><datafield ind1="0" ind2="7" tag="785"><subfield code="t">Houston County news in combination with the Houston signal</subfield><subfield code="w">(DLC)sn 91059059</subfield></datafield></record>